@inproceedings{taran2019def,
  author    = {Taran, Olga and Rezaeifar, Shideh and Holotyak, Taras and Voloshynovskiy, Slava},
  booktitle = {2019 IEEE/CVF Conference on Computer Vision and Pattern Recognition (CVPR)}, 
  title     = {Defending Against Adversarial Attacks by Randomized Diversification}, 
  year      = {2019},
  pages     = {11218--11225},
  doi       = {10.1109/CVPR.2019.01148}
}

@book{Burileanu2022,
  author    = {D. Burileanu and Ș. Mihalache},
  title     = {Prelucrarea digitală a semnalelor: concepte fundamentale, tehnici avansate, aplicații},
  publisher = {MATRIX ROM},
  address   = {București, România},
  year      = {2022}
}

@incollection{Kao2020,
  author    = {Y.Y. Kao and P.H. Chen and C.C. Tzeng and Z.Y. Chen and B. Shmueli and L.W. Ku},
  title     = {Detecting deceptive language in crime interrogation},
  booktitle = {Business, Government and Organizations. HCII 2020},
  editor    = {F.H. Nao and K. Siau},
  series    = {Lecture Notes in Computer Science},
  volume    = {12204},
  publisher = {Springer},
  address   = {Cham, Switzerland},
  pages     = {80--90},
  year      = {2020},
  month     = {7}
}

@inproceedings{Zhang2021,
  author    = {J. Zhang and L. Jiang and Y. Zong and W. Zheng and L. Zhao},
  title     = {Cross-corpus speech emotion recognition using joint distribution adaptive regression},
  booktitle = {Proceedings of the IEEE International Conference on Acoustics, Speech, and Signal Processing (ICASSP)},
  address   = {Toronto, Ontario, Canada},
  pages     = {3790--3794},
  year      = {2021},
  month     = {6}
}

@article{Yi2022,
  author    = {L. Yi and M.W. Mak},
  title     = {Improving speech emotion recognition with adversarial data augmentation network},
  journal   = {IEEE Transactions on Neural Networks and Learning Systems},
  volume    = {33},
  number    = {1},
  pages     = {172--184},
  year      = {2022},
  month     = {1}
}

@unpublished{Zeiler2012,
  author    = {M.D. Zeiler},
  title     = {AdaDelta: an adaptive learning rate method},
  year      = {2012},
  month     = {12},
  note      = {Online},
  doi       = {10.48550/arXiv.1212.5701},
  note      = {[Accesat: Jan. 2025]}
}

@misc{MATLAB2025,
  author    = {***},
  title     = {Spectral descriptors},
  howpublished = {MATLAB Audio Toolbox documentation},
  year      = {2025},
  url       = {https://www.mathworks.com/help/audio/ug/spectral-descriptors.html},
  note      = {[Accesat: Mar. 2025]}
}
